@article{CLUE,
  
author={Rovere, Marco and Chen, Ziheng and Di Pilato, Antonio and Pantaleo, Felice and Seez, Chris},   
	 
title={CLUE: A Fast Parallel Clustering Algorithm for High Granularity Calorimeters in High-Energy Physics},      
	
journal={Frontiers in Big Data},      
	
volume={3},      
	
year={2020},      
	  
url={https://www.frontiersin.org/article/10.3389/fdata.2020.591315},       
	
doi={10.3389/fdata.2020.591315},
}